@book{bertsimas,
  title={Introduction to linear optimization},
  author={Bertsimas, Dimitris and Tsitsiklis, John N},
  volume={6},
  year={1997},
  publisher={Athena Scientific Belmont, MA}
}
@book{boyd2004convex,
  title={Convex optimization},
  author={Boyd, Stephen and Vandenberghe, Lieven},
  year={2004},
  publisher={Cambridge university press}
}
@Book{torontointerior,
author ={Robert Robere},
title ={Interior Point Methods and Linear Programming},
month ={12},
year ={2012},
publisher={}
}

